<record><leader>00000cas a2200000 a 4500</leader><controlfield tag="001">12034092</controlfield><controlfield tag="008">850514d18171818nyucr ne      0    0eng c</controlfield><datafield ind1=" " ind2=" " tag="010"><subfield code="a">sn 85026095 </subfield></datafield><datafield ind1=" " ind2=" " tag="040"><subfield code="a">NPX</subfield><subfield code="b">eng</subfield><subfield code="c">NPX</subfield><subfield code="d">NYS</subfield><subfield code="d">MGN</subfield><subfield code="d">TGN</subfield><subfield code="d">NYS</subfield><subfield code="d">OCLCG</subfield><subfield code="d">DLC</subfield><subfield code="d">OCLCQ</subfield><subfield code="d">OCLCF</subfield><subfield code="d">OCLCO</subfield></datafield><datafield ind1=" " ind2=" " tag="042"><subfield code="a">pcc</subfield></datafield><datafield ind1=" " ind2=" " tag="043"><subfield code="a">n-us-ny</subfield></datafield><datafield ind1="0" ind2="0" tag="050"><subfield code="a">Newspaper</subfield></datafield><datafield ind1="0" ind2=" " tag="130"><subfield code="a">New-York Columbian (New York, N.Y. : 1817 : Semiweekly)</subfield></datafield><datafield ind1="1" ind2="4" tag="245"><subfield code="a">The New-York Columbian.</subfield></datafield><datafield ind1=" " ind2=" " tag="260"><subfield code="a">New-York [N.Y.] :</subfield><subfield code="b">B. Irvine,</subfield><subfield code="c">1817-1818.</subfield></datafield><datafield ind1=" " ind2=" " tag="300"><subfield code="a">v.</subfield></datafield><datafield ind1=" " ind2=" " tag="310"><subfield code="a">Semiweekly</subfield></datafield><datafield ind1="0" ind2=" " tag="362"><subfield code="a">Vol. 7, no. 651 (Apr. 23, 1817)-v. 9, no. 831 (Dec. 18, 1818).</subfield></datafield><datafield ind1=" " ind2=" " tag="500"><subfield code="a">Publisher: Alden Spooner, 1817-1818.</subfield></datafield><datafield ind1=" " ind2=" " tag="580"><subfield code="a">Daily ed.: New-York Columbian (New York, N.Y. : 1817).</subfield></datafield><datafield ind1=" " ind2="0" tag="651"><subfield code="a">New York (N.Y.)</subfield><subfield code="v">Newspapers.</subfield></datafield><datafield ind1=" " ind2="0" tag="651"><subfield code="a">New York County (N.Y.)</subfield><subfield code="v">Newspapers.</subfield></datafield><datafield ind1=" " ind2="7" tag="655"><subfield code="a">Newspapers.</subfield><subfield code="2">fast</subfield><subfield code="0">(OCoLC)fst01423814</subfield></datafield><datafield ind1=" " ind2="7" tag="651"><subfield code="a">New York (State)</subfield><subfield code="z">New York.</subfield><subfield code="2">fast</subfield><subfield code="0">(OCoLC)fst01204333</subfield></datafield><datafield ind1=" " ind2="7" tag="651"><subfield code="a">New York (State)</subfield><subfield code="z">New York County.</subfield><subfield code="2">fast</subfield><subfield code="0">(OCoLC)fst01234953</subfield></datafield><datafield ind1="1" ind2=" " tag="700"><subfield code="a">Irvine, Baptis.</subfield></datafield><datafield ind1="1" ind2=" " tag="700"><subfield code="a">Spooner, Alden,</subfield><subfield code="d">1783-1848.</subfield></datafield><datafield ind1=" " ind2=" " tag="752"><subfield code="a">United States</subfield><subfield code="b">New York</subfield><subfield code="c">New York</subfield><subfield code="d">New York.</subfield></datafield><datafield ind1="1" ind2=" " tag="775"><subfield code="t">New-York Columbian (New York, N.Y. : 1817)</subfield><subfield code="w">(DLC)sn 83030347</subfield><subfield code="w">(OCoLC)9487524</subfield></datafield><datafield ind1="0" ind2="0" tag="780"><subfield code="t">Columbian, for the country (New York, N.Y. : 1809)</subfield><subfield code="w">(DLC)sn 83030345</subfield><subfield code="w">(OCoLC)6541490</subfield></datafield><datafield ind1="0" ind2="0" tag="785"><subfield code="t">Columbian, for the country (New York, N.Y. : 1818)</subfield><subfield code="w">(DLC)sn 85026096</subfield><subfield code="w">(OCoLC)12034190</subfield></datafield></record>